
@article{weiReviewDatadrivenApproaches2018,
  langid = {english},
  title = {A Review of Data-Driven Approaches for Prediction and Classification of Building Energy Consumption},
  volume = {82},
  issn = {13640321},
  url = {https://linkinghub.elsevier.com/retrieve/pii/S136403211731362X},
  doi = {10.1016/j.rser.2017.09.108},
  journaltitle = {Renewable and Sustainable Energy Reviews},
  urldate = {2019-01-29},
  date = {2018-02},
  pages = {1027-1047},
  author = {Wei, Yixuan and Zhang, Xingxing and Shi, Yong and Xia, Liang and Pan, Song and Wu, Jinshun and Han, Mengjie and Zhao, Xiaoyun}
}

@article{ahmadComprehensiveOverviewData2018,
  langid = {english},
  title = {A Comprehensive Overview on the Data Driven and Large Scale Based Approaches for Forecasting of Building Energy Demand: {{A}} Review},
  volume = {165},
  issn = {03787788},
  url = {https://linkinghub.elsevier.com/retrieve/pii/S0378778817329225},
  doi = {10.1016/j.enbuild.2018.01.017},
  shorttitle = {A Comprehensive Overview on the Data Driven and Large Scale Based Approaches for Forecasting of Building Energy Demand},
  journaltitle = {Energy and Buildings},
  urldate = {2019-01-29},
  date = {2018-04},
  pages = {301-320},
  author = {Ahmad, Tanveer and Chen, Huanxin and Guo, Yabin and Wang, Jiangyu}
}

@article{wangReviewArtificialIntelligence2017,
  langid = {english},
  title = {A Review of Artificial Intelligence Based Building Energy Use Prediction: {{Contrasting}} the Capabilities of Single and Ensemble Prediction Models},
  volume = {75},
  issn = {13640321},
  url = {https://linkinghub.elsevier.com/retrieve/pii/S1364032116307420},
  doi = {10.1016/j.rser.2016.10.079},
  shorttitle = {A Review of Artificial Intelligence Based Building Energy Use Prediction},
  journaltitle = {Renewable and Sustainable Energy Reviews},
  urldate = {2019-01-29},
  date = {2017-08},
  pages = {796-808},
  author = {Wang, Zeyu and Srinivasan, Ravi S.}
}

@article{camaraEnhancingHouseholdEnergy2018,
  langid = {english},
  title = {Enhancing Household Energy Consumption: {{How}} Should It Be Done?},
  volume = {81},
  issn = {13640321},
  url = {https://linkinghub.elsevier.com/retrieve/pii/S1364032117311280},
  doi = {10.1016/j.rser.2017.07.060},
  shorttitle = {Enhancing Household Energy Consumption},
  journaltitle = {Renewable and Sustainable Energy Reviews},
  urldate = {2019-01-29},
  date = {2018-01},
  pages = {669-681},
  author = {Camara, N’Famory and Xu, Deyi and Binyet, Emmanuel}
}

@article{amasyaliReviewDatadrivenBuilding2018,
  langid = {english},
  title = {A Review of Data-Driven Building Energy Consumption Prediction Studies},
  volume = {81},
  issn = {13640321},
  url = {https://linkinghub.elsevier.com/retrieve/pii/S1364032117306093},
  doi = {10.1016/j.rser.2017.04.095},
  journaltitle = {Renewable and Sustainable Energy Reviews},
  urldate = {2019-01-29},
  date = {2018-01},
  pages = {1192-1205},
  author = {Amasyali, Kadir and El-Gohary, Nora M.}
}

@online{ministryofeconomicdevelopmentoftherussianfederationListMEDClassificators2019,
  title = {List of {{MED Classificators}}},
  url = {http://economy.gov.ru/minec/activity/sections/classificators/},
  journaltitle = {Ministry of Economic Development of the Russian Federation},
  date = {2019},
  author = {Ministry of Economic Development of the Russian Federation}
}

@article{carpenterStanProbabilisticProgramming2017,
  langid = {english},
  title = {Stan: {{A Probabilistic Programming Language}}},
  volume = {76},
  issn = {1548-7660},
  url = {http://www.jstatsoft.org/v76/i01/},
  doi = {10.18637/jss.v076.i01},
  shorttitle = {\emph{Stan}},
  number = {1},
  journaltitle = {Journal of Statistical Software},
  urldate = {2019-04-24},
  date = {2017},
  author = {Carpenter, Bob and Gelman, Andrew and Hoffman, Matthew D. and Lee, Daniel and Goodrich, Ben and Betancourt, Michael and Brubaker, Marcus and Guo, Jiqiang and Li, Peter and Riddell, Allen},
  file = {C:\\Users\\ddone\\Zotero\\storage\\5FHFXEBS\\Carpenter et al_2017_iStan-i.pdf}
}

@article{maExistingBuildingRetrofits2012,
  langid = {english},
  title = {Existing Building Retrofits: {{Methodology}} and State-of-the-Art},
  volume = {55},
  issn = {03787788},
  url = {https://linkinghub.elsevier.com/retrieve/pii/S0378778812004227},
  doi = {10.1016/j.enbuild.2012.08.018},
  shorttitle = {Existing Building Retrofits},
  journaltitle = {Energy and Buildings},
  urldate = {2019-04-26},
  date = {2012-12},
  pages = {889-902},
  author = {Ma, Zhenjun and Cooper, Paul and Daly, Daniel and Ledo, Laia}
}

@book{internationalenergyagencyEnergyEfficiency20182018,
  langid = {english},
  title = {Energy {{Efficiency}} 2018: {{Analysis}} and Outlooks to 2040},
  isbn = {978-92-64-02430-4},
  url = {https://www.oecd-ilibrary.org/energy/energy-efficiency-2018_9789264024304-en},
  shorttitle = {Energy {{Efficiency}} 2018},
  publisher = {{OECD}},
  urldate = {2019-04-26},
  date = {2018-10-23},
  author = {{International Energy Agency}},
  doi = {10.1787/9789264024304-en}
}

@misc{EnergeticheskayaStrategiyaRossii2015,
  langid = {russian},
  title = {Энергетическая стратегия России на период до 2035 года (проект)},
  url = {https://minenergo.gov.ru/system/download-pdf/1920/69055},
  publisher = {{Министерство энергетики РФ}},
  date = {2015}
}

@legislation{Prikaz401Ob2014,
  langid = {russian},
  title = {Приказ №401 "Об утверждении порядка предоставления информации об энергосбережении и о повышении энергетической эффективности" от 30 июня 2014 г.},
  date = {2014}
}


